{
  "leader": "05024cam a2200649Ii 4500",
  "fields": [
    {
      "001": "ocm08425879\\"
    },
    {
      "003": "OCoLC"
    },
    {
      "005": "20220705100048.0"
    },
    {
      "008": "820513t19711963enkabf\\\\\\b\\\\\\\\001\\0\\eng\\d"
    },
    {
      "040": {
        "ind1": "\\",
        "ind2": "\\",
        "subfields": [
          {
            "a": "VA@"
          },
          {
            "b": "eng"
          },
          {
            "e": "rda"
          },
          {
            "c": "VA@"
          },
          {
            "d": "OCL"
          },
          {
            "d": "TEU"
          },
          {
            "d": "OCL"
          },
          {
            "d": "DPL"
          },
          {
            "d": "VA@"
          },
          {
            "d": "OCLCQ"
          },
          {
            "d": "BAKER"
          },
          {
            "d": "XY4"
          },
          {
            "d": "MIR"
          },
          {
            "d": "XY4"
          },
          {
            "d": "STF"
          },
          {
            "d": "OCLCG"
          },
          {
            "d": "CUV"
          },
          {
            "d": "AU@"
          },
          {
            "d": "B9K"
          },
          {
            "d": "UKM"
          },
          {
            "d": "GAT"
          },
          {
            "d": "VP@"
          },
          {
            "d": "UKV3G"
          },
          {
            "d": "OCLCQ"
          },
          {
            "d": "OCLCA"
          },
          {
            "d": "OCLCQ"
          },
          {
            "d": "OCLCO"
          },
          {
            "d": "OCLCA"
          },
          {
            "d": "OCLCQ"
          },
          {
            "d": "OCLCO"
          },
          {
            "d": "OCLCQ"
          },
          {
            "d": "OCLCO"
          },
          {
            "d": "OCLCF"
          },
          {
            "d": "OCLCQ"
          },
          {
            "d": "OCLCO"
          },
          {
            "d": "OBE"
          },
          {
            "d": "OCLCO"
          },
          {
            "d": "SGB"
          },
          {
            "d": "SZR"
          },
          {
            "d": "I8M"
          },
          {
            "d": "MVQ"
          },
          {
            "d": "CD5"
          },
          {
            "d": "TXMCM"
          },
          {
            "d": "ALAMR"
          },
          {
            "d": "OCLCQ"
          },
          {
            "d": "CSJ"
          },
          {
            "d": "NJR"
          },
          {
            "d": "OCLCO"
          },
          {
            "d": "OCLCQ"
          },
          {
            "d": "TFW"
          },
          {
            "d": "OCLCO"
          },
          {
            "d": "VBO"
          },
          {
            "d": "OCLCO"
          },
          {
            "d": "KIJ"
          },
          {
            "d": "LOA"
          },
          {
            "d": "COF"
          },
          {
            "d": "CCH"
          },
          {
            "d": "AUD"
          },
          {
            "d": "SEO"
          },
          {
            "d": "QQ3"
          },
          {
            "d": "OCLCO"
          },
          {
            "d": "IGA"
          },
          {
            "d": "IOG"
          },
          {
            "d": "FSP"
          },
          {
            "d": "OL{dollar}"
          },
          {
            "d": "GILDS"
          },
          {
            "d": "UKOBU"
          },
          {
            "d": "KZS"
          },
          {
            "d": "LHU"
          },
          {
            "d": "WJT"
          },
          {
            "d": "TFF"
          },
          {
            "d": "PAU"
          },
          {
            "d": "NLMVD"
          },
          {
            "d": "Z74"
          },
          {
            "d": "JVQ"
          },
          {
            "d": "JDP"
          },
          {
            "d": "EUM"
          },
          {
            "d": "JG0"
          },
          {
            "d": "W6A"
          },
          {
            "d": "KB6"
          },
          {
            "d": "FWR"
          },
          {
            "d": "DCHUA"
          },
          {
            "d": "FAF"
          },
          {
            "d": "LCOAD"
          },
          {
            "d": "ERD"
          },
          {
            "d": "UCW"
          },
          {
            "d": "LGG"
          },
          {
            "d": "UWW"
          },
          {
            "d": "W2U"
          },
          {
            "d": "CUI"
          },
          {
            "d": "CN4WZ"
          },
          {
            "d": "REDDC"
          },
          {
            "d": "I#X"
          },
          {
            "d": "SDG"
          },
          {
            "d": "VYM"
          },
          {
            "d": "CLART"
          },
          {
            "d": "UWK"
          },
          {
            "d": "REU"
          },
          {
            "d": "LIP"
          },
          {
            "d": "LEATE"
          },
          {
            "d": "MIQ"
          },
          {
            "d": "ELZ"
          },
          {
            "d": "CLE"
          },
          {
            "d": "LBQ"
          },
          {
            "d": "V@T"
          },
          {
            "d": "CKM"
          },
          {
            "d": "MDO"
          },
          {
            "d": "TVP"
          },
          {
            "d": "CKQ"
          },
          {
            "d": "LYT"
          },
          {
            "d": "CJG"
          },
          {
            "d": "UNITY"
          },
          {
            "d": "EYM"
          },
          {
            "d": "STP"
          },
          {
            "d": "U@L"
          },
          {
            "d": "UKUAL"
          },
          {
            "d": "KFH"
          },
          {
            "d": "TXHLS"
          },
          {
            "d": "DZM"
          },
          {
            "d": "OTP"
          },
          {
            "d": "TDL"
          },
          {
            "d": "NHTWA"
          },
          {
            "d": "IOE"
          },
          {
            "d": "BOS"
          },
          {
            "d": "ZKH"
          },
          {
            "d": "BUP"
          },
          {
            "d": "MT4IT"
          },
          {
            "d": "TUS"
          },
          {
            "d": "NLW"
          },
          {
            "d": "OCLCQ"
          },
          {
            "d": "UIU"
          },
          {
            "d": "OCLCO"
          },
          {
            "d": "GCQ"
          },
          {
            "d": "OCLCO"
          },
          {
            "d": "UKMGB"
          }
        ]
      }
    },
    {
      "066": {
        "ind1": "\\",
        "ind2": "\\",
        "subfields": [
          {
            "c": "{dollar}1"
          }
        ]
      }
    },
    {
      "016": {
        "ind1": "7",
        "ind2": "\\",
        "subfields": [
          {
            "a": "014013213"
          },
          {
            "2": "Uk"
          }
        ]
      }
    },
    {
      "019": {
        "ind1": "\\",
        "ind2": "\\",
        "subfields": [
          {
            "a": "396816"
          },
          {
            "a": "16196770"
          },
          {
            "a": "17615134"
          },
          {
            "a": "23718211"
          },
          {
            "a": "59174238"
          },
          {
            "a": "427398823"
          },
          {
            "a": "877091972"
          },
          {
            "a": "1175695337"
          }
        ]
      }
    },
    {
      "020": {
        "ind1": "\\",
        "ind2": "\\",
        "subfields": [
          {
            "a": "9780195014761"
          }
        ]
      }
    },
    {
      "020": {
        "ind1": "\\",
        "ind2": "\\",
        "subfields": [
          {
            "a": "0195014766"
          }
        ]
      }
    },
    {
      "035": {
        "ind1": "\\",
        "ind2": "\\",
        "subfields": [
          {
            "a": "(OCoLC)8425879"
          },
          {
            "z": "(OCoLC)396816"
          },
          {
            "z": "(OCoLC)16196770"
          },
          {
            "z": "(OCoLC)17615134"
          },
          {
            "z": "(OCoLC)23718211"
          },
          {
            "z": "(OCoLC)59174238"
          },
          {
            "z": "(OCoLC)427398823"
          },
          {
            "z": "(OCoLC)877091972"
          },
          {
            "z": "(OCoLC)1175695337"
          }
        ]
      }
    },
    {
      "041": {
        "ind1": "1",
        "ind2": "\\",
        "subfields": [
          {
            "a": "eng"
          },
          {
            "h": "chi"
          }
        ]
      }
    },
    {
      "043": {
        "ind1": "\\",
        "ind2": "\\",
        "subfields": [
          {
            "a": "a-cc---"
          }
        ]
      }
    },
    {
      "050": {
        "ind1": "\\",
        "ind2": "4",
        "subfields": [
          {
            "a": "U101"
          },
          {
            "b": ".S95 1971"
          }
        ]
      }
    },
    {
      "060": {
        "ind1": "\\",
        "ind2": "4",
        "subfields": [
          {
            "a": "U101"
          },
          {
            "b": "S958a 1971"
          }
        ]
      }
    },
    {
      "080": {
        "ind1": "\\",
        "ind2": "\\",
        "subfields": [
          {
            "a": "355"
          }
        ]
      }
    },
    {
      "082": {
        "ind1": "0",
        "ind2": "4",
        "subfields": [
          {
            "a": "355.02"
          },
          {
            "b": "SUN"
          }
        ]
      }
    },
    {
      "100": {
        "ind1": "0",
        "ind2": "\\",
        "subfields": [
          {
            "6": "880-01"
          },
          {
            "a": "Sunzi,"
          },
          {
            "d": "active 6th century B.C.,"
          },
          {
            "e": "author."
          }
        ]
      }
    },
    {
      "240": {
        "ind1": "1",
        "ind2": "0",
        "subfields": [
          {
            "6": "880-02"
          },
          {
            "a": "Sunzi bing fa."
          },
          {
            "l": "English"
          }
        ]
      }
    },
    {
      "245": {
        "ind1": "1",
        "ind2": "4",
        "subfields": [
          {
            "a": "The art of war /"
          },
          {
            "c": "Sun Tzu ; translated and with an introduction by Samuel B. Griffith ; with a foreword by B.H. Liddell Hart."
          }
        ]
      }
    },
    {
      "264": {
        "ind1": "\\",
        "ind2": "1",
        "subfields": [
          {
            "a": "London ;"
          },
          {
            "a": "New York :"
          },
          {
            "b": "Oxford University Press,"
          },
          {
            "c": "1971"
          }
        ]
      }
    },
    {
      "264": {
        "ind1": "\\",
        "ind2": "4",
        "subfields": [
          {
            "c": "\u00a91963"
          }
        ]
      }
    },
    {
      "300": {
        "ind1": "\\",
        "ind2": "\\",
        "subfields": [
          {
            "a": "xvi, 197 pages, [2]  pages of plates :"
          },
          {
            "b": "illustrations, maps ;"
          },
          {
            "c": "21 cm."
          }
        ]
      }
    },
    {
      "336": {
        "ind1": "\\",
        "ind2": "\\",
        "subfields": [
          {
            "a": "text"
          },
          {
            "b": "txt"
          },
          {
            "2": "rdacontent"
          }
        ]
      }
    },
    {
      "337": {
        "ind1": "\\",
        "ind2": "\\",
        "subfields": [
          {
            "a": "unmediated"
          },
          {
            "b": "n"
          },
          {
            "2": "rdamedia"
          }
        ]
      }
    },
    {
      "338": {
        "ind1": "\\",
        "ind2": "\\",
        "subfields": [
          {
            "a": "volume"
          },
          {
            "b": "nc"
          },
          {
            "2": "rdacarrier"
          }
        ]
      }
    },
    {
      "490": {
        "ind1": "1",
        "ind2": "\\",
        "subfields": [
          {
            "a": "UNESCO collection of representative works. Chinese series"
          }
        ]
      }
    },
    {
      "490": {
        "ind1": "0",
        "ind2": "\\",
        "subfields": [
          {
            "a": "A Galaxy Book"
          }
        ]
      }
    },
    {
      "500": {
        "ind1": "\\",
        "ind2": "\\",
        "subfields": [
          {
            "a": "This translation originally published 1963."
          }
        ]
      }
    },
    {
      "500": {
        "ind1": "\\",
        "ind2": "\\",
        "subfields": [
          {
            "a": "Revision of the translator's thesis (Ph. D.--Oxford University, 1960)."
          }
        ]
      }
    },
    {
      "500": {
        "ind1": "\\",
        "ind2": "\\",
        "subfields": [
          {
            "a": "\" ... study of the ... indicates a date of composition during the fourth century B.C. ... In the last quarter of the eighteenth century [the 11th century 'official' edition] this was revised and annotated by Sun Hsing-yen ... His edition has since been considered standard in China and my translation is based on it.\"--Preface"
          }
        ]
      }
    },
    {
      "504": {
        "ind1": "\\",
        "ind2": "\\",
        "subfields": [
          {
            "a": "Includes bibliographical references (pages 187-192) and index."
          }
        ]
      }
    },
    {
      "505": {
        "ind1": "0",
        "ind2": "\\",
        "subfields": [
          {
            "a": "Sun Tzu and the concubines -- List of abbreviations -- Introduction -- Translation -- Appendix -- Bibliography -- Index -- Maps. Ch'un-Ch'iu period -- The contending states : boundaries of 350 B.C."
          }
        ]
      }
    },
    {
      "520": {
        "ind1": "\\",
        "ind2": "\\",
        "subfields": [
          {
            "a": "Like Machiavelli's The Prince and the Japanese Book of Five Rings, Sun Tzu's The Art of War is as timely for business people today as it was for military strategists in ancient China. Written in China more than 2,000 years ago, Sun Tzu's classic The Art of War is the first known study of the planning and conduct of military operations. These terse, aphoristic essays are unsurpassed in comprehensiveness and depth of understanding, examining not only battlefield maneuvers, but also relevant economic, political, and psychological factors. Indeed, the precepts outlined by Sun Tzu regularly applied outside the realm of military theory. It is read avidly by Japanese businessmen and was touted in the movie Wall Street as the corporate raider's bible. Providing a much-needed translation of this classic, Samuel Griffith has made this powerful and unique work even more relevant to the modern world. Including an explanatory introduction and selected commentaries on the work, this edition makes Sun Tzu's timeless classic perfectly accessible to modern readers. - Publisher."
          }
        ]
      }
    },
    {
      "520": {
        "ind1": "\\",
        "ind2": "\\",
        "subfields": [
          {
            "a": "An ancient Chinese treatise on war stresses the importance of speed, sound tactics, subterfuge, discipline, appropriate form of attack, and accurate intelligence."
          }
        ]
      }
    },
    {
      "546": {
        "ind1": "\\",
        "ind2": "\\",
        "subfields": [
          {
            "a": "Translated from the Chinese."
          }
        ]
      }
    },
    {
      "540": {
        "ind1": "\\",
        "ind2": "\\",
        "subfields": [
          {
            "a": "Current Copyright Fee: GBP22.50"
          },
          {
            "c": "0."
          },
          {
            "5": "Uk"
          }
        ]
      }
    },
    {
      "650": {
        "ind1": "\\",
        "ind2": "0",
        "subfields": [
          {
            "a": "Military art and science"
          },
          {
            "v": "Early works to 1800."
          }
        ]
      }
    },
    {
      "650": {
        "ind1": "\\",
        "ind2": "2",
        "subfields": [
          {
            "a": "Military Science"
          }
        ]
      }
    },
    {
      "651": {
        "ind1": "\\",
        "ind2": "2",
        "subfields": [
          {
            "a": "China"
          }
        ]
      }
    },
    {
      "650": {
        "ind1": "\\",
        "ind2": "2",
        "subfields": [
          {
            "a": "History, Ancient"
          }
        ]
      }
    },
    {
      "650": {
        "ind1": "\\",
        "ind2": "7",
        "subfields": [
          {
            "a": "Military art and science."
          },
          {
            "2": "fast"
          },
          {
            "0": "(OCoLC)fst01020874"
          }
        ]
      }
    },
    {
      "655": {
        "ind1": "\\",
        "ind2": "7",
        "subfields": [
          {
            "a": "Early works."
          },
          {
            "2": "fast"
          },
          {
            "0": "(OCoLC)fst01411636"
          }
        ]
      }
    },
    {
      "655": {
        "ind1": "\\",
        "ind2": "7",
        "subfields": [
          {
            "a": "Early works to 1800."
          },
          {
            "2": "lcgft"
          }
        ]
      }
    },
    {
      "700": {
        "ind1": "1",
        "ind2": "\\",
        "subfields": [
          {
            "a": "Griffith, Samuel B.,"
          },
          {
            "e": "translator."
          }
        ]
      }
    },
    {
      "700": {
        "ind1": "1",
        "ind2": "\\",
        "subfields": [
          {
            "a": "Liddell Hart, Basil Henry,"
          },
          {
            "c": "Sir,"
          },
          {
            "d": "1895-1970,"
          },
          {
            "e": "writer of foreword."
          }
        ]
      }
    },
    {
      "830": {
        "ind1": "\\",
        "ind2": "0",
        "subfields": [
          {
            "a": "UNESCO collection of representative works."
          },
          {
            "p": "Chinese series."
          }
        ]
      }
    },
    {
      "880": {
        "ind1": "0",
        "ind2": "\\",
        "subfields": [
          {
            "6": "100-01/{dollar}1"
          },
          {
            "a": "\u5b6b\u5b50,"
          },
          {
            "d": "active 6th century B.C."
          }
        ]
      }
    },
    {
      "880": {
        "ind1": "1",
        "ind2": "0",
        "subfields": [
          {
            "6": "240-02/{dollar}1"
          },
          {
            "a": "\u5b6b\u5b50\u5175\u6cd5."
          },
          {
            "l": "English"
          }
        ]
      }
    },
    {
      "994": {
        "ind1": "\\",
        "ind2": "\\",
        "subfields": [
          {
            "a": "Z0"
          },
          {
            "b": "NYRVC"
          }
        ]
      }
    },
    {
      "948": {
        "ind1": "\\",
        "ind2": "\\",
        "subfields": [
          {
            "h": "NO HOLDINGS IN NYRVC - 839 OTHER HOLDINGS"
          }
        ]
      }
    },
    {
      "999": {
        "ind1": "\\",
        "ind2": "\\",
        "subfields": [
          {
            "a": "00000000013979"
          }
        ]
      }
    }
  ]
}